@inproceedings{LURPI,
  author    = {Pascal Fontaine and
               Stephan Merz and
               Bruno {Woltzenlogel Paleo}},
  title     = {Compression of Propositional Resolution Proofs via Partial
               Regularization},
  booktitle = {CADE},
  year      = {2011},
  pages     = {237-251},
  ee        = {http://dx.doi.org/10.1007/978-3-642-22438-6_19},
  crossref  = {DBLP:conf/cade/2011},
  bibsource = {DBLP, http://dblp.uni-trier.de}
}
@proceedings{DBLP:conf/cade/2011,
  editor    = {Nikolaj Bj{\o}rner and
               Viorica Sofronie-Stokkermans},
  title     = {Automated Deduction - CADE-23 - 23rd International Conference
               on Automated Deduction, Wroclaw, Poland, July 31 - August
               5, 2011. Proceedings},
  booktitle = {CADE},
  publisher = {Springer},
  series    = {Lecture Notes in Computer Science},
  volume    = {6803},
  year      = {2011},
  isbn      = {978-3-642-22437-9},
  ee        = {http://dx.doi.org/10.1007/978-3-642-22438-6},
  bibsource = {DBLP, http://dblp.uni-trier.de}
}
@article{RP,
  author    = {Omer Bar-Ilan and
               Oded Fuhrmann and
               Shlomo Hoory and
               Ohad Shacham and
               Ofer Strichman},
  title     = {Reducing the size of resolution proofs in linear time},
  journal   = {STTT},
  volume    = {13},
  number    = {3},
  year      = {2011},
  pages     = {263-272},
  ee        = {http://dx.doi.org/10.1007/s10009-010-0167-5},
  bibsource = {DBLP, http://dblp.uni-trier.de}
}
